@book{gerdad1990patriar,
  title={La creación del patriarcado},
    author={Gerda, Lerner},
  year={1990},
  publisher={Novagrafik}
}

@article{lewis2017online,
  title={Online abuse of feminists as an emerging form of violence against women and girls},
  author={Lewis, Ruth and Rowe, Michael and Wiper, Clare},
  journal={British journal of criminology},
  volume={57},
  number={6},
  pages={1462--1481},
  year={2017},
  publisher={Oxford University Press UK}
}


@inproceedings{kirk2023semeval,
  title={SemEval-2023 Task 10: Explainable Detection of Online Sexism},
  author={Kirk, Hannah Rose and Yin, Wenjie and Vidgen, Bertie and R{\"o}ttger, Paul},
  booktitle={Proceedings of SemEval-2023, ACL},
  year={2023}
}

@article{rodriguez2021overview,
  title={Overview of exist 2021: sexism identification in social networks},
  author={Rodr{\'\i}guez-S{\'a}nchez, Francisco and Carrillo-de-Albornoz, Jorge and Plaza, Laura and Gonzalo, Julio and Rosso, Paolo and Comet, Miriam and Donoso, Trinidad},
  journal={Procesamiento del Lenguaje Natural},
  volume={67},
  pages={195--207},
  year={2021}
}
@article{rodriguez2022overview,
  title={Overview of exist 2022: sexism identification in social networks},
  author={Rodr{\'\i}guez-S{\'a}nchez, Francisco and Carrillo-de-Albornoz, Jorge and Plaza, Laura and Mendieta-Arag{\'o}n, Adri{\'a}n and Marco-Rem{\'o}n, Guillermo and Makeienko, Maryna and Plaza, Mar{\'\i}a and Gonzalo, Julio and Spina, Damiano and Rosso, Paolo},
  journal={Procesamiento del Lenguaje Natural},
  volume={69},
  pages={229--240},
  year={2022}
}
@inproceedings{spina2023exist,
  title={Exist 2023: sexism identification in social networks},
  author={Spina, Damiano and Amigó, Enrique and Carrillo-de-Albornoz, Jorge and Gonzalo, Julio and Plaza, Laura and Rosso, Paolo and Morante, Roser},
  bootitle={CLEF 2023},
  year={2023}
}

@article{puleo2005patriarcado,
  title={El patriarcado:?` una organizaci{\'o}n social superada},
  author={Puleo, Alicia},
  journal={Temas para el debate},
  volume={133},
  pages={39--42},
  year={2005}
}

@article{rueda2014sexismo,
  title={El sexismo como blanco del humor en las redes sociales},
  author={Rueda, Ana Mancera},
  journal={Feminismo-s},
  volume={24},
  pages={163},
  year={2014},
  publisher={Universidad de Alicante (Spain)}
}

@article{pilay2021discurso,
  title={El discurso de odio sexista a trav{\'e}s de las redes sociales como reacci{\'o}n al himno “Un violador en tu camino”},
  author={Pilay, Ana P{\'a}rraga},
  journal={Raz{\'o}n y Palabra},
  volume={25},
  number={111},
  year={2021}
}

@article{janos2019senorita,
  title={" A una se{\~n}orita no le pasas esas cosas..": sexismo y culpabilizaci{\'o}n de la v{\'\i}ctima en comentario en redes sociales ante una noticia de violencia sexual ocurrida en Lima},
  author={Janos, Erika and Espinosa, Agust{\'\i}n},
  year={2019},
  publisher={Grupo de An{\'a}lisis para el Desarrollo}
}

@misc{posetti2020online,
  title={Online violence against women journalists},
  author={Posetti, Julie and Aboulez, Nermine and Bontcheva, Kalina and Harrison, Jackie and Waisbord, Silvio},
  year={2020},
  publisher={UNESCO New York}
}

@article{union2018sexism,
  title={Sexism, harassment and violence against women in parliaments in Europe},
  author={Union, Inter-Parliamentary},
  year={2018},
  publisher={Inter-Parliamentary Union}
}

@article{pineiro2021say,
  title={Say it to my face: Analysing hate speech against women on Twitter},
  author={Pi{\~n}eiro-Otero, Teresa and Mart{\'\i}nez-Rol{\'a}n, Xabier},
  journal={Profesional de la informaci{\'o}n},
  volume={30},
  number={5},
  year={2021}
}

@inproceedings{mostafa2022bidirectional,
  title={Bidirectional LSTM and NLP Based Sentiment Analysis of Tweets},
  author={Mostafa, Rakin and Mehedi, Md Humaion Kabir and Alam, MD Mustakin and Rasel, Annajiat Alim},
  booktitle={International Conference on Soft Computing and Pattern Recognition},
  pages={647--655},
  year={2022},
  organization={Springer}
}

@book{bhattacharjee2018fasttext,
  title={fastText Quick Start Guide: Get started with Facebook's library for text representation and classification},
  author={Bhattacharjee, Joydeep},
  year={2018},
  publisher={Packt Publishing Ltd}
}

@article{vimal2020application,
  title={Application of logistic regression in natural language processing},
  author={Vimal, Bhartendoo and Kumar, S Anupama},
  journal={International Journal of Engineering Research and},
  volume={9},
  pages={06},
  year={2020}
}

@incollection{antony2020dynamic,
  title={A dynamic approach for detecting the fake news using random forest classifier and NLP},
  author={Antony Vijay, J and Anwar Basha, H and Arun Nehru, J},
  booktitle={Computational Methods and Data Engineering: Proceedings of ICMDE 2020, Volume 2},
  pages={331--341},
  year={2020},
  publisher={Springer}
}

@article{rameshbhai2019opinion,
  title={Opinion mining on newspaper headlines using SVM and NLP},
  author={Rameshbhai, Chaudhary Jashubhai and Paulose, Joy},
  journal={International Journal of Electrical and Computer Engineering (IJECE)},
  volume={9},
  number={3},
  pages={2152--2163},
  year={2019}
}

@article{schutz2021automatic,
  title={Automatic sexism detection with multilingual transformer models},
  author={Sch{\"u}tz, Mina and Boeck, Jaqueline and Liakhovets, Daria and Slijep{\v{c}}evi{\'c}, Djordje and Kirchknopf, Armin and Hecht, Manuel and Bogensperger, Johannes and Schlarb, Sven and Schindler, Alexander and Zeppelzauer, Matthias},
  journal={arXiv preprint arXiv:2106.04908},
  year={2021}
}

@inproceedings{chiril2020annotated,
  title={An annotated corpus for sexism detection in French tweets},
  author={Chiril, Patricia and Moriceau, V{\'e}ronique and Benamara, Farah and Mari, Alda and Origgi, Gloria and Coulomb-Gully, Marl{\`e}ne},
  booktitle={Proceedings of the 12th language resources and evaluation conference},
  pages={1397--1403},
  year={2020}
}

@article{sharifirad2019your,
  title={How is your mood when writing sexist tweets? Detecting the emotion type and intensity of emotion using natural language processing techniques},
  author={Sharifirad, Sima and Jafarpour, Borna and Matwin, Stan},
  journal={arXiv preprint arXiv:1902.03089},
  year={2019}
}

@article{FU202214,
title = {Sexismo, la herida del siglo XXI},
journal = {elDiario.es},
year = {2022},
url = {https://www.eldiario.es/canariasahora/lapalmaahora/lapalmaopina/sexismo-herencia-siglo-xxi_132_3535435.html}
}

@misc{lampert2018definicion,
  author = {Lampert Grassi, María Paz},
  title = {Definición del concepto de “sexismo”: influencia en el lenguaje, la educación y la violencia de género},
  year = {2018},
  howpublished = {Biblioteca del Congreso Nacional de Chile. Gobierno de Chile},
  url = {https://obtienearchivo.bcn.cl/obtienearchivo?id=repositorio/10221/26147/1/BCN_definicion_sexismo_FINAL.pdf},
  urldate = {2023-03-27}
}

@article{EXIST2023,
title = {EXIST: sEXism Identification in Social neTwork},
year = {2023},
url = {http://nlp.uned.es/exist2023/}
}


@article{barbarossa2009inteligencia,
  title={Inteligencia Artificial: M{\'a}quinas que piensan y sienten},
  author={Barbarossa, Carolina},
  journal={Creaci{\'o}n y Producci{\'o}n en Dise{\~n}o y Comunicaci{\'o}n},
  volume={6},
  year={2009}
}

@article{hochreiter1997long,
  title={Long short-term memory},
  author={Hochreiter, Sepp and Schmidhuber, J{\"u}rgen},
  journal={Neural computation},
  volume={9},
  number={8},
  pages={1735--1780},
  year={1997},
  publisher={MIT press}
}

@article{radford2018improving,
  title={Improving language understanding by generative pre-training},
  author={Radford, Alec and Narasimhan, Karthik and Salimans, Tim and Sutskever, Ilya and others},
  year={2018},
  publisher={OpenAI}
}

@article{costa2018experimental,
  title={Experimental research on encoder-decoder architectures with attention for chatbots},
  author={Costa-juss{\`a}, Marta R and Nuez, {\'A}lvaro and Segura, Carlos},
  journal={Computaci{\'o}n y Sistemas},
  volume={22},
  number={4},
  pages={1233--1239},
  year={2018},
  publisher={Instituto Polit{\'e}cnico Nacional, Centro de Investigaci{\'o}n en Computaci{\'o}n}
}

@inproceedings{de2021applying,
  title={Applying sentiment analysis on Spanish tweets using BETO},
  author={de Arriba Serra, Ariadna and Oriol Hilari, Marc and Franch Guti{\'e}rrez, Javier},
  booktitle={Proceedings of the Iberian Languages Evaluation Forum (IberLEF 2021): co-located with the Conference of the Spanish Society for Natural Language Processing (SEPLN 2021), XXXVII International Conference of the Spanish Society for Natural Language Processing: M{\'a}laga, Spain, September, 2021},
  pages={1--8},
  year={2021},
  organization={CEUR-WS. org}
}

@article{devlin2018bert,
  title={Bert: Pre-training of deep bidirectional transformers for language understanding},
  author={Devlin, Jacob and Chang, Ming-Wei and Lee, Kenton and Toutanova, Kristina},
  journal={arXiv preprint arXiv:1810.04805},
  year={2018}
}

@article{kotsiantis2006data,
  title={Data preprocessing for supervised leaning},
  author={Kotsiantis, Sotiris B and Kanellopoulos, Dimitris and Pintelas, Panagiotis E},
  journal={International journal of computer science},
  volume={1},
  number={2},
  pages={111--117},
  year={2006}
}

@book{quinn2019dive,
  title={Dive into deep learning: Tools for engagement},
  author={Quinn, Joanne and McEachen, Joanne and Fullan, Michael and Gardner, Mag and Drummy, Max},
  year={2019},
  publisher={Corwin Press}
}

@article{fu2022effectiveness,
  title={On the Effectiveness of Parameter-Efficient Fine-Tuning},
  author={Fu, Zihao and Yang, Haoran and So, Anthony Man-Cho and Lam, Wai and Bing, Lidong and Collier, Nigel},
  journal={arXiv preprint arXiv:2211.15583},
  year={2022}
}

@article{weiss2016survey,
  title={A survey of transfer learning},
  author={Weiss, Karl and Khoshgoftaar, Taghi M and Wang, DingDing},
  journal={Journal of Big data},
  volume={3},
  number={1},
  pages={1--40},
  year={2016},
  publisher={SpringerOpen}
}

@article{lan2019albert,
  title={Albert: A lite bert for self-supervised learning of language representations},
  author={Lan, Zhenzhong and Chen, Mingda and Goodman, Sebastian and Gimpel, Kevin and Sharma, Piyush and Soricut, Radu},
  journal={arXiv preprint arXiv:1909.11942},
  year={2019}
}

@article{caselli2020hatebert,
  title={Hatebert: Retraining bert for abusive language detection in english},
  author={Caselli, Tommaso and Basile, Valerio and Mitrovi{\'c}, Jelena and Granitzer, Michael},
  journal={arXiv preprint arXiv:2010.12472},
  year={2020}
}

@inproceedings{webster1992tokenization,
  title={Tokenization as the initial phase in NLP},
  author={Webster, Jonathan J and Kit, Chunyu},
  booktitle={COLING 1992 volume 4: The 14th international conference on computational linguistics},
  year={1992}
}

@article{niu2021review,
  title={A review on the attention mechanism of deep learning},
  author={Niu, Zhaoyang and Zhong, Guoqiang and Yu, Hui},
  journal={Neurocomputing},
  volume={452},
  pages={48--62},
  year={2021},
  publisher={Elsevier}
}

@article{vaswani2017attention,
  title={Attention is all you need},
  author={Vaswani, Ashish and Shazeer, Noam and Parmar, Niki and Uszkoreit, Jakob and Jones, Llion and Gomez, Aidan N and Kaiser, {\L}ukasz and Polosukhin, Illia},
  journal={Advances in neural information processing systems},
  volume={30},
  year={2017}
}

@article{qiu2020pre,
  title={Pre-trained models for natural language processing: A survey},
  author={Qiu, Xipeng and Sun, Tianxiang and Xu, Yige and Shao, Yunfan and Dai, Ning and Huang, Xuanjing},
  journal={Science China Technological Sciences},
  volume={63},
  number={10},
  pages={1872--1897},
  year={2020},
  publisher={Springer}
}

@article{sutskever2014sequence,
  title={Sequence to sequence learning with neural networks},
  author={Sutskever, Ilya and Vinyals, Oriol and Le, Quoc V},
  journal={Advances in neural information processing systems},
  volume={27},
  year={2014}
}

@article{vaswani2018tensor2tensor,
  title={Tensor2tensor for neural machine translation},
  author={Vaswani, Ashish and Bengio, Samy and Brevdo, Eugene and Chollet, Francois and Gomez, Aidan N and Gouws, Stephan and Jones, Llion and Kaiser, {\L}ukasz and Kalchbrenner, Nal and Parmar, Niki and others},
  journal={arXiv preprint arXiv:1803.07416},
  year={2018}
}

@article{gupta2013artificial,
  title={Artificial neural network},
  author={Gupta, Neha and others},
  journal={Network and Complex Systems},
  volume={3},
  number={1},
  pages={24--28},
  year={2013}
}

@article{krogh2008artificial,
  title={What are artificial neural networks?},
  author={Krogh, Anders},
  journal={Nature biotechnology},
  volume={26},
  number={2},
  pages={195--197},
  year={2008},
  publisher={Nature Publishing Group US New York}
}

@article{wason2018deep,
  title={Deep learning: Evolution and expansion},
  author={Wason, Ritika},
  journal={Cognitive Systems Research},
  volume={52},
  pages={701--708},
  year={2018},
  publisher={Elsevier}
}

@article{lecun2015deep,
  title={Deep learning},
  author={LeCun, Yann and Bengio, Yoshua and Hinton, Geoffrey},
  journal={nature},
  volume={521},
  number={7553},
  pages={436--444},
  year={2015},
  publisher={Nature Publishing Group UK London}
}

@article{rusk2016deep,
  title={Deep learning},
  author={Rusk, Nicole},
  journal={Nature Methods},
  volume={13},
  number={1},
  pages={35--35},
  year={2016},
  publisher={Nature Publishing Group US New York}
}

@inproceedings{tandel2020voice,
  title={Voice recognition and voice comparison using machine learning techniques: A survey},
  author={Tandel, Nishtha H and Prajapati, Harshadkumar B and Dabhi, Vipul K},
  booktitle={2020 6th International Conference on Advanced Computing and Communication Systems (ICACCS)},
  pages={459--465},
  year={2020},
  organization={IEEE}
}

@article{joshi2020machine,
  title={Machine learning and artificial intelligence},
  author={Joshi, Ameet V},
  year={2020},
  publisher={Springer}
}

@inproceedings{nagarhalli2021impact,
  title={Impact of machine learning in natural language processing: A review},
  author={Nagarhalli, Tatwadarshi P and Vaze, Vinod and Rana, NK},
  booktitle={2021 third international conference on intelligent communication technologies and virtual mobile networks (ICICV)},
  pages={1529--1534},
  year={2021},
  organization={IEEE}
}

@article{ramik2014machine,
  title={A machine learning based intelligent vision system for autonomous object detection and recognition},
  author={Ram{\'\i}k, Dominik Maximili{\'a}n and Sabourin, Christophe and Moreno, Ramon and Madani, Kurosh},
  journal={Applied intelligence},
  volume={40},
  pages={358--375},
  year={2014},
  publisher={Springer}
}

@article{kowsari2019text,
  title={Text classification algorithms: A survey},
  author={Kowsari, Kamran and Jafari Meimandi, Kiana and Heidarysafa, Mojtaba and Mendu, Sanjana and Barnes, Laura and Brown, Donald},
  journal={Information},
  volume={10},
  number={4},
  pages={150},
  year={2019},
  publisher={MDPI}
}

@article{nadkarni2011natural,
  title={Natural language processing: an introduction},
  author={Nadkarni, Prakash M and Ohno-Machado, Lucila and Chapman, Wendy W},
  journal={Journal of the American Medical Informatics Association},
  volume={18},
  number={5},
  pages={544--551},
  year={2011},
  publisher={BMJ Group BMA House, Tavistock Square, London, WC1H 9JR}
}

@article{mendez1999lenguaje,
  title={Lenguaje natural e indizaci{\'o}n automatizada},
  author={M{\'e}ndez, Eva and Moreiro Gonz{\'a}lez, Jos{\'e} A},
  journal={Ciencias de la Informaci{\'o}n},
  volume={30},
  number={3},
  pages={11--24},
  year={1999}
}

@article{rouhiainen2018inteligencia,
  title={Inteligencia artificial},
  author={Rouhiainen, Lasse},
  journal={Madrid: Alienta Editorial},
  year={2018}
}

@article{albrieu2019inteligencia,
  title={Inteligencia artificial y crecimiento econ{\'o}mico},
  author={Albrieu, Ramiro and Rapetti, Mart{\'\i}n and Brest L{\'o}pez, C and Larroulet, Patricio and Sorrentino, Alejo},
  journal={Oportunidades y desaf{\'\i}os para Costa Rica. Buenos Aires, Argentina: Cippec. Recuperado de https://bit. ly/2RWpwrb},
  year={2019}
}

@article{wang2019defining,
  title={On defining artificial intelligence},
  author={Wang, Pei},
  journal={Journal of Artificial General Intelligence},
  volume={10},
  number={2},
  pages={1--37},
  year={2019},
  publisher={De Gruyter Poland}
}

@article{schank1987ai,
  title={What is AI, anyway?},
  author={Schank, Roger C},
  journal={AI magazine},
  volume={8},
  number={4},
  pages={59--59},
  year={1987}
}


@article{cortezvasquez2009procesamiento,
  title={Procesamiento de lenguaje natural},
  author={Cortez Vásquez, A. and Vega Huerta, H. and Pariona Quispe, J. and Huayna, A. M.},
  journal={Revista de Investigación en Sistemas e Informática},
  volume={6},
  number={2},
  pages={45-54},
  year={2009},
  url={https://revistasinvestigacion.unmsm.edu.pe/index.php/sistem/article/view/5923}
}

@article{prieto2013importancia,
  title={La importancia de las redes sociales en el {\'a}mbito educativo},
  author={Prieto, Mar{\'\i}a del Mar Mu{\~n}oz and Barreiro, Mar{\'\i}a Sandra Fragueiro and Manso, Mar{\'\i}a Jes{\'u}s Ayuso},
  journal={EA, Escuela abierta: revista de Investigaci{\'o}n Educativa},
  number={16},
  pages={91--104},
  year={2013},
  publisher={Fundaci{\'o}n San Pablo CEU}
}

@article{uma2021learning,
  title={Learning from disagreement: A survey},
  author={Uma, Alexandra N and Fornaciari, Tommaso and Hovy, Dirk and Paun, Silviu and Plank, Barbara and Poesio, Massimo},
  journal={Journal of Artificial Intelligence Research},
  volume={72},
  pages={1385--1470},
  year={2021}
}

@article{hernandez2013aplicaciones,
  title={Aplicaciones de procesamiento de lenguaje natural},
  author={Hern{\'a}ndez, Myriam Beatriz and G{\'o}mez, Jos{\'e} M},
  journal={Revista Polit{\'e}cnica},
  volume={32},
  year={2013}
}


@article{minaee2021deep,
  title={Deep learning--based text classification: a comprehensive review},
  author={Minaee, Shervin and Kalchbrenner, Nal and Cambria, Erik and Nikzad, Narjes and Chenaghlu, Meysam and Gao, Jianfeng},
  journal={ACM computing surveys (CSUR)},
  volume={54},
  number={3},
  pages={1--40},
  year={2021},
  publisher={ACM New York, NY, USA}
}

@misc{kersting2018machine,
  title={Machine learning and artificial intelligence: two fellow travelers on the quest for intelligent behavior in machines},
  author={Kersting, Kristian},
  journal={Frontiers in big Data},
  volume={1},
  pages={6},
  year={2018},
  publisher={Frontiers Media SA}
}


  @misc{ibm-deep-learning,
  title = {¿Qué es Deep Learning?},
  author = {{IBM}},
  howpublished = {\url{https://www.ibm.com/es-es/topics/deep-learning}},
  year = {},
  note = {Accessed: March 28, 2023}
}

@online{giacaglia2022transformers,
  author = {Giacaglia, Gabriel},
  title = {How Transformers Work},
  year = {2022},
  url = {https://towardsdatascience.com/transformers-141e32e69591},
  urldate = {2023-03-29},
  organization = {Medium},
  journal = {Towards Data Science}
}

@article{gu2018recent,
  title={Recent advances in convolutional neural networks},
  author={Gu, Jiuxiang and Wang, Zhenhua and Kuen, Jason and Ma, Lianyang and Shahroudy, Amir and Shuai, Bing and Liu, Ting and Wang, Xingxing and Wang, Gang and Cai, Jianfei and others},
  journal={Pattern recognition},
  volume={77},
  pages={354--377},
  year={2018},
  publisher={Elsevier}
}

@article{raffel2020exploring,
  title={Exploring the limits of transfer learning with a unified text-to-text transformer},
  author={Raffel, Colin and Shazeer, Noam and Roberts, Adam and Lee, Katherine and Narang, Sharan and Matena, Michael and Zhou, Yanqi and Li, Wei and Liu, Peter J},
  journal={The Journal of Machine Learning Research},
  volume={21},
  number={1},
  pages={5485--5551},
  year={2020},
  publisher={JMLRORG}
}

@article{tarwani2017survey,
  title={Survey on recurrent neural network in natural language processing},
  author={Tarwani, Kanchan M and Edem, Swathi},
  journal={Int. J. Eng. Trends Technol},
  volume={48},
  number={6},
  pages={301--304},
  year={2017}
}

@article{medsker2001recurrent,
  title={Recurrent neural networks},
  author={Medsker, Larry R and Jain, LC},
  journal={Design and Applications},
  volume={5},
  pages={64--67},
  year={2001}
}

@misc{ibm-rnn,
  title = {What are recurrent neural networks?},
  author = {IBM},
  url = {https://www.ibm.com/topics/recurrent-neural-networks},
  year = {2022},
  note = {Accessed: March 28, 2023}
}

@book{tunstall2022natural,
  title={Natural language processing with transformers},
  author={Tunstall, Lewis and Von Werra, Leandro and Wolf, Thomas},
  year={2022},
  publisher={" O'Reilly Media, Inc."}
}


@ONLINE{mltl,
author={Andrew NG},
title={Introduction to transfer learning},
url={https://subscription.packtpub.com/book/all-products/9781788996921/2/ch02lvl1sec15/introduction-to-transfer-learning}}

@incollection{torrey2010transfer,
  title={Transfer learning},
  author={Torrey, Lisa and Shavlik, Jude},
  booktitle={Handbook of research on machine learning applications and trends: algorithms, methods, and techniques},
  pages={242--264},
  year={2010},
  publisher={IGI global}
}

@article{grossmann2022beyond,
  title={Beyond hard labels: investigating data label distributions},
  author={Grossmann, Vasco and Schmarje, Lars and Koch, Reinhard},
  journal={arXiv preprint arXiv:2207.06224},
  year={2022}
}

@inproceedings{thiel2008classification,
  title={Classification on soft labels is robust against label noise},
  author={Thiel, Christian},
  booktitle={Knowledge-Based Intelligent Information and Engineering Systems: 12th International Conference, KES 2008, Zagreb, Croatia, September 3-5, 2008, Proceedings, Part I 12},
  pages={65--73},
  year={2008},
  organization={Springer}
}

@article{venkatesan2022implications,
  title={Implications of Tokenizers in BERT Model for Low-Resource Indian Language},
  author={Venkatesan, N and Arulanand, N},
  journal={Journal of Soft Computing Paradigm},
  volume={4},
  number={4},
  pages={264--271},
  year={2022}
}

@article{nie2020attention,
  title={Attention mask R-CNN for ship detection and segmentation from remote sensing images},
  author={Nie, Xuan and Duan, Mengyang and Ding, Haoxuan and Hu, Bingliang and Wong, Edward K},
  journal={IEEE Access},
  volume={8},
  pages={9325--9334},
  year={2020},
  publisher={IEEE}
}


@inproceedings{zahera2019fine,
  title={Fine-tuned BERT Model for Multi-Label Tweets Classification.},
  author={Zahera, Hamada M and Elgendy, Ibrahim A and Jalota, Rricha and Sherif, Mohamed Ahmed and Voorhees, E},
  booktitle={TREC},
  pages={1--7},
  year={2019}
}


@inproceedings{kayastha-etal-2021-bert,
    title = "{BERT} based Adverse Drug Effect Tweet Classification",
    author = "Kayastha, Tanay  and
      Gupta, Pranjal  and
      Bhattacharyya, Pushpak",
    booktitle = "Proceedings of the Sixth Social Media Mining for Health ({\#}SMM4H) Workshop and Shared Task",
    month = jun,
    year = "2021",
    address = "Mexico City, Mexico",
    publisher = "Association for Computational Linguistics",
    url = "https://aclanthology.org/2021.smm4h-1.15",
    doi = "10.18653/v1/2021.smm4h-1.15",
    pages = "88--90",
    abstract = "This paper describes models developed for the Social Media Mining for Health (SMM4H) 2021 shared tasks. Our team participated in the first subtask that classifies tweets with Adverse Drug Effect (ADE) mentions. Our best performing model utilizes BERTweet followed by a single layer of BiLSTM. The system achieves an F-score of 0.45 on the test set without the use of any auxiliary resources such as Part-of-Speech tags, dependency tags, or knowledge from medical dictionaries.",
}

@article{luo2022decbert,
  title={DecBERT: Enhancing the Language Understanding of BERT with Causal Attention Masks},
  author={Luo, Ziyang and Xi, Yadong and Ma, Jing and Yang, Zhiwei and Mao, Xiaoxi and Fan, Changjie and Zhang, Rongsheng},
  journal={arXiv preprint arXiv:2204.08688},
  year={2022}
}

@article{patil2023survey,
  title={A Survey of Text Representation and Embedding Techniques in NLP},
  author={Patil, Rajvardhan and Boit, Sorio and Gudivada, Venkat and Nandigam, Jagadeesh},
  journal={IEEE Access},
  year={2023},
  publisher={IEEE}
}

@article{briskilal2022ensemble,
  title={An ensemble model for classifying idioms and literal texts using BERT and RoBERTa},
  author={Briskilal, J and Subalalitha, CN},
  journal={Information Processing \& Management},
  volume={59},
  number={1},
  pages={102756},
  year={2022},
  publisher={Elsevier}
}

@inproceedings{pennington2014glove,
  title={Glove: Global vectors for word representation},
  author={Pennington, Jeffrey and Socher, Richard and Manning, Christopher D},
  booktitle={Proceedings of the 2014 conference on empirical methods in natural language processing (EMNLP)},
  pages={1532--1543},
  year={2014}
}

@article{church2017word2vec,
  title={Word2Vec},
  author={Church, Kenneth Ward},
  journal={Natural Language Engineering},
  volume={23},
  number={1},
  pages={155--162},
  year={2017},
  publisher={Cambridge University Press}
}

@misc{wordpiece,
  title = "WordPiece tokenization",
  howpublished = "\url{https://huggingface.co/course/chapter6/6?fw=pt}",
  note = "Accessed: April 4, 2023",
}

@misc{bert,
  title = "BERT",
  howpublished = "\url{https://huggingface.co/docs/transformers/model_doc/bert}",
  note = "Accessed: April 4, 2023",
}

@misc{bertweet,
  title = "bertweet",
  howpublished = "\url{https://huggingface.co/docs/transformers/model_doc/bertweet}",
  note = "Accessed: April 4, 2023",
}

@misc{roberta,
  title = "roberta",
  howpublished = "\url{https://huggingface.co/docs/transformers/model_doc/roberta}",
  note = "Accessed: April 4, 2023",
}

@misc{twitter-roberta-base,
  title = "twitter-roberta-base",
  howpublished = "\url{https://huggingface.co/cardiffnlp/twitter-roberta-base}",
  note = "Accessed: April 4, 2023",
}

@misc{roberta-base,
  title = "roberta-base",
  howpublished = "\url{https://huggingface.co/roberta-base}",
  note = "Accessed: April 4, 2023",
}

@article{gutierrez2011metodos,
  title={M{\'e}todos de desarrollo de software},
  author={Gutierrez, Demi{\'a}n},
  journal={Caracas: Universidad de los Andes},
  year={2011}
}

@phdthesis{luna2019usabilidad,
  title={USABILIDAD DE LAS METODOLOG{\'I}AS {\'A}GILES},
  author={Luna Huanca, Noemi},
  year={2019}
}

@inproceedings{galle2019investigating,
  title={Investigating the effectiveness of BPE: The power of shorter sequences},
  author={Gall{\'e}, Matthias},
  booktitle={Proceedings of the 2019 conference on empirical methods in natural language processing and the 9th international joint conference on natural language processing (EMNLP-IJCNLP)},
  pages={1375--1381},
  year={2019}
}

@misc{sgraaf-toronto,
  author = {sgraaf},
  title = {
Replicate-Toronto-BookCorpus},
  year = {2022},
  publisher = {GitHub},
  journal = {GitHub repository},
  howpublished = {\url{https://github.com/sgraaf/Replicate-Toronto-BookCorpus}},
}

@misc{xlm-roberta,
  title = "xlm-roberta",
  howpublished = "\url{https://huggingface.co/docs/transformers/model_doc/xlm-roberta}",
  note = "Accessed: April 4, 2023",
}

@misc{toronto-book-corpus,
  title = "toronto-book-corpus",
  howpublished = "\url{https://en.wikipedia.org/wiki/BookCorpus}",
  note = "Accessed: June 13, 2023",
}

@misc{xlm-roberta-base,
  title = "xlm-roberta-base",
  howpublished = "\url{https://huggingface.co/xlm-roberta-base}",
  note = "Accessed: April 4, 2023",
}



@misc{distilbert,
  title = "distilbert",
  howpublished = "\url{https://huggingface.co/docs/transformers/model_doc/distilbert}",
  note = "Accessed: April 5, 2023",
}

@article{savchev2022ai,
  title={AI Rational at CheckThat! 2022: using transformer models for tweet classification},
  author={Savchev, A},
  journal={Working Notes of CLEF},
  year={2022}
}

@misc{SMM4H,
  title = "Social Media Mining for Health Applications",
  howpublished = "\url{https://healthlanguageprocessing.org/smm4h-2021/}",
  note = "Accessed: April 5, 2023",
}


@article{taiar2022fine,
title={A Fine-Tuned BERT-Based Transfer Learning Approach for Text Classification},
author={Taiar, Redha and Qasim, Rukhma and Bangyal, Waqas Haider and Alqarni, Mohammed A. and Ali Almazroi, Abdulwahab},
year={2022},
month={01},
volume={2022},
pages={3498123},
journal={Journal of Healthcare Engineering},
issn={2040-2295},
url={https://doi.org/10.1155/2022/3498123},
doi={10.1155/2022/3498123},
publisher={Hindawi},
}

@inproceedings{ohashi2020idsou,
  title={IDSOU at WNUT-2020 task 2: identification of informative COVID-19 English tweets},
  author={Ohashi, Sora and Kajiwara, Tomoyuki and Chu, Chenhui and Takemura, Noriko and Nakashima, Yuta and Nagahara, Hajime},
  booktitle={Proceedings of the Sixth Workshop on Noisy User-generated Text (W-NUT 2020)},
  pages={428--433},
  year={2020}
}

@article{BEDI2022103706,
title = {CitEnergy : A BERT based model to analyse Citizens’ Energy-Tweets},
journal = {Sustainable Cities and Society},
volume = {80},
pages = {103706},
year = {2022},
issn = {2210-6707},
doi = {https://doi.org/10.1016/j.scs.2022.103706},
url = {https://www.sciencedirect.com/science/article/pii/S2210670722000385},
author = {Jatin Bedi and Durga Toshniwal},
}

@misc{HuggingFace,
  title = {HuggingFace},
  howpublished = {\url{https://huggingface.co/}},
  note = {Accessed: 2023-04-10}
}

@misc{Bert-exp,
  title = {BERT Explained: State of the art language model for NLP},
  howpublished = {\url{https://towardsdatascience.com/bert-explained-state-of-the-art-language-model-for-nlp-f8b21a9b6270}},
  note = {Accessed: 2023-04-10}
}

@misc{Bert-MLM,
  title = {Masked-Language Modeling With BERT},
  howpublished = {\url{https://towardsdatascience.com/masked-language-modelling-with-bert-7d49793e5d2c}},
  note = {Accessed: 2023-04-10}
}

@article{salazar2019masked,
  title={Masked language model scoring},
  author={Salazar, Julian and Liang, Davis and Nguyen, Toan Q and Kirchhoff, Katrin},
  journal={arXiv preprint arXiv:1910.14659},
  year={2019}
}

@inproceedings{sun-etal-2022-nsp,
    title = "{NSP}-{BERT}: A Prompt-based Few-Shot Learner through an Original Pre-training Task {---}{---} Next Sentence Prediction",
    author = "Sun, Yi  and
      Zheng, Yu  and
      Hao, Chao  and
      Qiu, Hangping",
    booktitle = "Proceedings of the 29th International Conference on Computational Linguistics",
    month = oct,
    year = "2022",
    address = "Gyeongju, Republic of Korea",
    publisher = "International Committee on Computational Linguistics",
    url = "https://aclanthology.org/2022.coling-1.286",
    pages = "3233--3250",
}

@misc{GPT2,
  title = {GPT-2: 1.5B release},
  howpublished = {\url{https://openai.com/research/gpt-2-1-5b-release}},
  note = {Accessed: 2023-04-10}
}

@misc{roberta-intro,
  title = {A gentle introducction to roberta},
  howpublished = {\url{https://www.analyticsvidhya.com/blog/2022/10/a-gentle-introduction-to-roberta/}},
  note = {Accessed: 2023-06-13}
}

@article{tarunesh2021trusting,
  title={Trusting roberta over bert: Insights from checklisting the natural language inference task},
  author={Tarunesh, Ishan and Aditya, Somak and Choudhury, Monojit},
  journal={arXiv preprint arXiv:2107.07229},
  year={2021}
}

@inproceedings{ziemski2016united,
  title={The united nations parallel corpus v1. 0},
  author={Ziemski, Micha{\l} and Junczys-Dowmunt, Marcin and Pouliquen, Bruno},
  booktitle={Proceedings of the Tenth International Conference on Language Resources and Evaluation (LREC'16)},
  pages={3530--3534},
  year={2016}
}

@article{lample2019cross,
  title={Cross-lingual language model pretraining},
  author={Lample, Guillaume and Conneau, Alexis},
  journal={arXiv preprint arXiv:1901.07291},
  year={2019}
}

@misc{liu2019roberta,
      title={RoBERTa: A Robustly Optimized BERT Pretraining Approach}, 
      author={Yinhan Liu and Myle Ott and Naman Goyal and Jingfei Du and Mandar Joshi and Danqi Chen and Omer Levy and Mike Lewis and Luke Zettlemoyer and Veselin Stoyanov},
      year={2019},
      eprint={1907.11692},
      archivePrefix={arXiv},
      primaryClass={cs.CL}
}

@article{gutierrez2021spanish,
  title={Spanish language models},
  author={Guti{\'e}rrez-Fandi{\~n}o, Asier and Armengol-Estap{\'e}, Jordi and P{\`a}mies, Marc and Llop-Palao, Joan and Silveira-Ocampo, Joaqu{\'\i}n and Carrino, Casimiro Pio and Gonzalez-Agirre, Aitor and Armentano-Oller, Carme and Rodriguez-Penagos, Carlos and Villegas, Marta},
  journal={arXiv preprint arXiv:2107.07253},
  year={2021}
}

@article{de2022bertin,
  title={Bertin: Efficient pre-training of a spanish language model using perplexity sampling},
  author={De la Rosa, Javier and Ponferrada, Eduardo G and Villegas, Paulo and Salas, Pablo Gonzalez de Prado and Romero, Manu and Grandury, Mar{\i}a},
  journal={arXiv preprint arXiv:2207.06814},
  year={2022}
}

@misc{RoBERTa-VS-BERT,
  title = {SiEBERT, RoBERTa, and BERT: Which One to Implement in 2022?},
  howpublished = {\url{https://pub.towardsai.net/siebert-roberta-and-bert-which-one-to-implement-in-2022-2964cb3a40b6}},
  note = {Accessed: 2023-04-10}
}

@inproceedings{nguyen-etal-2020-bertweet,
    title = "{BERT}weet: A pre-trained language model for {E}nglish Tweets",
    author = "Nguyen, Dat Quoc  and
      Vu, Thanh  and
      Tuan Nguyen, Anh",
    booktitle = "Proceedings of the 2020 Conference on Empirical Methods in Natural Language Processing: System Demonstrations",
    month = oct,
    year = "2020",
    address = "Online",
    publisher = "Association for Computational Linguistics",
    url = "https://aclanthology.org/2020.emnlp-demos.2",
    doi = "10.18653/v1/2020.emnlp-demos.2",
    pages = "9--14",
}

@article{baker2022classification,
  title={Classification of Twitter Vaping Discourse Using BERTweet: Comparative Deep Learning Study},
  author={Baker, William and Colditz, Jason B and Dobbs, Page D and Mai, Huy and Visweswaran, Shyam and Zhan, Justin and Primack, Brian A},
  journal={JMIR Medical Informatics},
  volume={10},
  number={7},
  pages={e33678},
  year={2022},
  publisher={JMIR Publications Inc.},
  doi={10.2196/33678},
  url={https://medinform.jmir.org/2022/7/e33678/},
  issn={2291-9694},
}

@article{he2020deberta,
  title={Deberta: Decoding-enhanced bert with disentangled attention},
  author={He, Pengcheng and Liu, Xiaodong and Gao, Jianfeng and Chen, Weizhu},
  journal={arXiv preprint arXiv:2006.03654},
  year={2020}
}

@misc{commoncrawl,
  title = {commoncrawl},
  howpublished = {\url{https://commoncrawl.org/}},
  note = {Accessed: 2023-04-10}
}

@article{zhou2019elites,
  title={Elites and foreign actors among the alt-right: The Gab social media platform},
  author={Zhou, Yuchen and Dredze, Mark and Broniatowski, David A and Adler, William D},
  journal={First Monday},
  year={2019}
}

@article{martinez2018overview,
  title={Overview of TASS 2018: Opinions, health and emotions},
  author={Mart{\'\i}nez C{\'a}mara, Eugenio and Almeida-Cruz, Yudivi{\'a}n and D{\'\i}az Galiano, Manuel Carlos and Est{\'e}vez-Velarde, Suilan and Garc{\'\i}a Cumbreras, Miguel {\'A}ngel and Garc{\'\i}a Vega, Manuel and Guti{\'e}rrez, Yoan and Montejo R{\'a}ez, Arturo and Montoyo, Andres and Munoz, Rafael and others},
  year={2018},
  publisher={Sun SITE Central Europe}
}

@article{pires2019multilingual,
  title={How multilingual is multilingual BERT?},
  author={Pires, Telmo and Schlinger, Eva and Garrette, Dan},
  journal={arXiv preprint arXiv:1906.01502},
  year={2019}
}


@article{sharma2014polarity,
  title={Polarity detection at sentence level},
  author={Sharma, Richa and Nigam, Shweta and Jain, Rekha},
  journal={International journal of computer applications},
  volume={86},
  number={11},
  year={2014},
  publisher={Citeseer}
}

@article{forman2003extensive,
  title={An extensive empirical study of feature selection metrics for text classification.},
  author={Forman, George and others},
  journal={J. Mach. Learn. Res.},
  volume={3},
  number={Mar},
  pages={1289--1305},
  year={2003}
}

@article{de2016reglamento,
  title={Reglamento (UE) 2016/679 del Parlamento Europeo y del Consejo, del 27 de abril de 2016, relativo a la protecci{\'o}n de las personas f{\'\i}sicas en lo que respecta al tratamiento de datos personales ya la libre circulaci{\'o}n de estos datos y por el que se deroga la directiva 95/46/CE (Reglamento general de protecci{\'o}n de datos)(texto pertinente a efectos del EEE)},
  author={de Datos, Reglamento General de Protecci{\'o}n},
  journal={Diario Oficial de la Uni{\'o}n Europea, serie L},
  number={119},
  pages={4},
  year={2016}
}

@article{azpillaga2021analisis,
  title={An{\'a}lisis del sesgo de g{\'e}nero en los modelos NLP},
  author={Azpillaga Rivera, Javier},
  year={2021}
}

@article{calero2021modelo,
  title={Modelo basado en natural language processing (NLP) para el dise{\~n}o de programas acad{\'e}micos asistido por computador factor 1: denominaci{\'o}n del programa},
  author={Calero, Diego F and Delgado, Dar{\'\i}o J},
  journal={Documentos de Trabajo ECBTI},
  volume={2},
  number={2},
  year={2021}
}

@article{villanueva2013autodependencia,
  title={Autodependencia y empoderamiento de las mujeres a trav{\'e}s de la PNL y el Coaching},
  author={Villanueva Mart{\'\i}n, Beatriz},
  year={2013}
}

@article{mosqueda2023uso,
  title={Uso de palabras clave para la detecci{\'o}n autom{\'a}tica del discurso sexista en prensa y redes sociales},
  author={Mosqueda, H{\'e}ctor Castro and others},
  year={2023},
  publisher={Lenguas y letras}
}


@misc{metrics,
  title = {Evaluation metrics},
  howpublished = {\url{https://learn.microsoft.com/en-us/azure/cognitive-services/language-service/custom-text-classification/concepts/evaluation-metrics}},
  note = {Accessed: 2023-04-10}
}


@misc{precision,
  title = {\textbf{Precision Versus Recall - Essential Metrics in Machine Learning}},
  howpublished = {\url{https://graphite-note.com/precision-versus-recall-machine-learning}},
  note = {Accessed: 2023-04-11}
}


@misc{recall,
  title = {\textbf{What is Recall in Machine Learning}},
  howpublished = {\url{https://www.iguazio.com/glossary/recall}},
  note = {Accessed: 2023-04-11}
}

@article{mora2007especificacion,
  title={Especificaci{\'o}n de requisitos de software},
  author={Mora, Tania Isadora and Moreno, Dorance and Romo, Luis Yovany},
  journal={Proyecto: SISWEB. Universidad del Valle},
  year={2007}
}

@misc{pcomp,
  title = {pcomp},
  howpublished = {\url{https://www.pccomponentes.com/screenon-pc-gaming-bgpc-cb-amd-ryzen-5-3600-16gb-1tb-240gb-ssd-gtx-1660}},
  note = {Accessed: 2023-06-14}
}



@misc{imitation_learning_2019, title={A brief overview of imitation learning}, url={https://smartlabai.medium.com/a-brief-overview-of-imitation-learning-8a8a75c44a9c\%7D, journal={Medium}, publisher={SmartLab AI}, author={Lőrincz, Zoltán}, year={2019}, month={Sep}}}

@misc{macro,
  title = {\textbf{What is the difference between micro and macro averaging?}},
  howpublished = {\url{https://www.educative.io/answers/what-is-the-difference-between-micro-and-macro-averaging}},
  note = {Accessed: 2023-04-11}
}

@article{racca2022deteccion,
  title={Detecci{\'o}n de Cyberbullying con NLP},
  author={Racca, Mat{\'\i}as Misael and others},
  year={2022}
}

@misc{prepro1,
  title = {\textbf{tweet-sentiment-analysis-preprocessing}},
  howpublished = {\url{https://www.kaggle.com/code/redwankarimsony/nlp-101-tweet-sentiment-analysis-preprocessing}},
  note = {Accessed: 2023-14-11}
}


@misc{prepro2,
  title = {\textbf{tweets-preprocessing}},
  howpublished = {\url{https://www.kaggle.com/code/abhishekyadav5/tweets-preprocessing}},
  note = {Accessed: 2023-04-11}
}

@misc{leyespanola,
  title = {Ley Española},
  author = {{Jefatura del Estado}},
  year = {2022},
  volume = {167},
  number = {39},
  pages = {98071--98109},
  journal = {BOE},
  date = {2022-07-13},
  publisher = {Agencia Estatal Boletín Oficial del Estado},
  url = {https://www.boe.es/eli/es/l/2022/07/12/15},
  note = {BOE-A-2022-11589},
  keywords = {legislation}
}

@misc{EU-IA,
  title = {\textbf{EU-IA}},
  howpublished = {\url{https://www.bbva.com/es/innovacion/regulacion-de-la-inteligencia-artificial-en-la-union-europea-mas-alla-de-chatgpt/}},
  note = {Accessed: 2023-06-13}
}

@misc{nltk,
    author = {Bird, Steven and Loper, Edward and Klein, Ewan},
    title = {{Natural Language Toolkit (nltk)}},
    year = {2009},
    url = {https://www.nltk.org/},
    note = {Accessed: 2023-04-14}
}

@misc{python_re,
    author = {Python Software Foundation},
    title = {{re - Regular expression operations}},
    year = {1994},
    url = {https://docs.python.org/3/library/re.html},
    note = {Accessed: 2023-04-14}
}

@misc{python_emoji,
    author = {Python Software Foundation},
    title = {{emoji - Emoji for Python}},
    year = {2017},
    url = {https://pypi.org/project/emoji/},
    note = {Accessed: 2023-04-14}
}


@inproceedings{silva2003importance,
  title={The importance of stop word removal on recall values in text categorization},
  author={Silva, Catarina and Ribeiro, Bernardete},
  booktitle={Proceedings of the International Joint Conference on Neural Networks, 2003.},
  volume={3},
  pages={1661--1666},
  year={2003},
  organization={IEEE}
}

@inproceedings{ou2020ynu,
  title={YNU@ Dravidian-CodeMix-FIRE2020: XLM-RoBERTa for Multi-language Sentiment Analysis.},
  author={Ou, Xiaozhi and Li, Hongling},
  booktitle={FIRE (Working Notes)},
  pages={560--565},
  year={2020}
}


@misc{twitter-roberta-base-emotion,
  title = "twitter-roberta-base-emotion",
  howpublished = "\url{https://huggingface.co/cardiffnlp/twitter-roberta-base-emotion}",
  note = "Accessed: may 11, 2023",
}

@misc{bert-base-cased,
  title = "bert-base-cased",
  howpublished = "\url{https://huggingface.co/bert-base-cased}",
  note = "Accessed: june 12, 2023",
}

@misc{bert-base-uncased,
  title = "bert-base-uncased",
  howpublished = "\url{https://huggingface.co/bert-base-cased}",
  note = "Accessed: june 12, 2023",
}

@misc{bert-base-multilingual-cased,
  title = "bert-base-multilingual-cased",
  howpublished = "\url{https://huggingface.co/bert-base-multilingual-cased}",
  note = "Accessed: may 11, 2023",
}

@misc{bert-base-multilingual-uncased,
  title = "bert-base-multilingual-uncased",
  howpublished = "\url{https://huggingface.co/bert-base-multilingual-uncased}",
  note = "Accessed: may 11, 2023",
}

@misc{xlm-roberta-large,
  title = "xlm-roberta-large",
  howpublished = "\url{https://huggingface.co/xlm-roberta-large}",
  note = "Accessed: may 11, 2023",
}

